@TechReport{ goodnight03,
  author	= {Nolan Goodnight and Gregory Lewin and David Luebke and Kevin Skadron},
  title		= {A Multigrid Solver for Boundary Value Problems Using
		  Programmable Graphics Hardware},
  institution	= {University of Virginia},
  year		= 2003,
  number	={CS-2003-03},
}

@Article{ koumoutsakos05,
  author	= {Petros Koumoutsakos},
  title		= {Multiscale Flow Simulations Using Particles},
  journal	= {Annu. Rev. Fluid. Mech.},
  year		= 2005,
  volume	= 37,
  pages 	= {457--487},
  keywords	= {vortex methods, smooth particle hydrodynamics, molecular dynamics,
  		   continuum-molecular simulations, domain decomposition},
}

@Article{ lee09,
  title         = {{GPU} Kernels as Data-Parallel Array Computations in Haskell},
  author        = {Sean Lee and Manuel Chakravarty and Vinod Grover and Gabriele Keller},
  journal       = {Workshop on Exploiting Parallelism using {GPUs} and other Hardware-Assisted Methods},
  year          = 2009,   
}

@Article{ sbalzarini06,
  author        = {I.~F.~Sbalzarini and J.~H.~Walter and M.~Bergdorf and
                   S.~E.~Hieber and E.~M.~Kotsalis and P.~Koumoutsakos},
  title         = {{PPM}---A highly efficient parallel particle-mesh library
                   for the simulation of continuum systems},
  journal       = {Journal of Computational Physics},
  volume        = 215,
  year          = 2006,
  pages         = {566--588},
  keywords      = {Parallel library, particle-mesh, vortex methods, smooth particle hydrodynamics},
}

@Book{ gems3,
  editor        = {Hubert Nguyen},
  title         = {{GPU} Gems 3},
  publisher     = {Addison-Wesley Professional},
  year          = 2007,
}

@TechReport{ barrachina08,
  author        = {Sergio Barrachina and Maribel Castillo and
                   Francisco D.~Igual and Rafael Mayo and
                   Enrique S.~Quintana-Ort{\'i} and Gregorio Quintana-Ort{\'i}},
  title         = {Exploiting the capabilities of modern {GPUs} for dense matrix computations},
  year          = 2008,
  month         = nov,
  institution   = {Universidad Jaime I},
  number        = {ICC~01-11-2008},
}

@Book{ cottet00,
  author        = {Georges-Henri Cottet and Petros Koumoutsakos},
  title         = {Vortex Methods: Theory and Practice},
  publisher     = {Cambridge University Press},
  year          = 2000,
}

@MastersThesis{ cruz08,
  author        = {Felipe Cruz},
  title         = {Research, Implementation and Assessment of a Fast Summation
                   Method Applied to the Vortex Blob Method},
  school        = {Universidad T{\'e}cnica Federico Santa Mar{\'i}a},
  year          = 2008,
  month         = jan,
}

@PhDThesis{ barba04,
  author = {Lorena Barba},
  title = {Vortex Method for computing high-{R}eynolds number flows:
           Increased accuracy with a fully mesh-less formulation},
  school = {California Institute of Technology},
  year = 2004,
  month = may,
}

@Book{ langtangen2003,
  author    = {Langtangen, Hans Petter},
  title     = {Computational Partial Differential Equations: {N}umerical Methods and {D}iffpack Programming},
  series    = "Lecture Notes in Computational Science and Engineering",
  year      = 2003,
  isbn      = {354043416X},
  publisher = {Springer-Verlag New York, Inc.},
  address   = {Secaucus, NJ, USA},
}

@Article{ kloeckner2009,
  author       = "Kl{\"o}ckner, Andreas and Pinto, Nicolas and Lee, Yunsup and
                  Catanzaro, Bryan and Ivanov, Paul and Fasih, Ahmed",
  title        = "{PyCUDA}: {GPU} Run-Time Code Generation for High-Performance
                  Computing",
  number       = "arXiv:0911.3456",
  month        = nov,
  year         = 2009,
  note         = "Comments: 19 pages, 7 figures Submitted to Parallel
                  Computing, Elsevier",
}

@InProceedings{ catanzaro09,
  author =        {Bryan Catanzaro and Shoaib Kamil and Yunsup Lee and
                   Krste Asanovi{\'c} and James Demmel and Kurt Keutzer and
                   John Shalf and Kathy Yelick and Armando Fox},
  title =         {{SEJITS}: Getting Productivity and Performance With
                   Selective Embedded {JIT} Specialization},
  booktitle =     {First Workshop on Programmable Models for Emerging Architectures},
  comment = {pages =         {45-52}},
  year =          2009,
  month =         sep,
  address =       {Raleigh, North Carolina}
}

